<?xml version="1.0" encoding="UTF-8"?><collection xmlns="http://www.loc.gov/MARC21/slim"><record><leader>00337nam--2200121-i-4500</leader><controlfield tag="001">000018685</controlfield><controlfield tag="002">20161230</controlfield><controlfield tag="005">20161230201032</controlfield><controlfield tag="008">060222s1000------------r-----000-0-eng-d</controlfield><datafield ind1=" " ind2=" " tag="100"><subfield code="a">Fernando, Quintus</subfield></datafield><datafield ind1=" " ind2=" " tag="245"><subfield code="a">Freiser, h</subfield></datafield><datafield ind1=" " ind2=" " tag="260"><subfield code="a">Ionic Equilibria In Analytical Chemistry</subfield></datafield><datafield ind1=" " ind2=" " tag="490"><subfield code="a">New York, John Wiley &amp; Sons, Inc., 1963. Xiii + 334 P</subfield></datafield></record></collection>